@article{spam,
author = {Ion Androutsopoulos, John Koutsias, Konstantinos V. Chandrinos, George Paliouras, Constantine D. Spyropoulos},
title = {{An evaluation of Naive Bayesian anti-spam filtering}},
url = {https://arxiv.org/abs/cs/0006013},
year = {2000}
}

@article{sentiment,
author = {Bo Pang, Lillian Lee},
title = {{A sentimental education: sentiment analysis using subjectivity summarization based on minimum cuts}},
url = {https://dl.acm.org/citation.cfm?id=1218990},
year = {2004}
}

@MISC{ruski,
    author = {{SteamSpy}},
    title = {Dota 2 Player base},
    year = {2015},
    note = {[Online; accessed January 19, 2018]},
    url = {https://monosnap.com/file/IiNX0MH9vm8m4l4PsGIwynDhjtvYEU}
}

@article{bayes,
author = {Rennie, J., Shih, L., Teevan, J., Karger},
title = {{Tackling the poor assumptions of Naive Bayes classifiers}},
url = {http://people.csail.mit.edu/jrennie/papers/icml03-nb.pdf},
year = {2003}
}

@MISC{gitrepo,
    author = {{Ludvig Noring}},
    title = {Dota mining},
    year = {2018},
    note = {[Online; accessed January 21, 2018]},
    url = {https://github.com/Lufftre/dotamining}
}

